%---------------------------------------------------------------------------%
%-                                                                         -%
%-                             Bibliography                                -%
%-                                                                         -%
%---------------------------------------------------------------------------%
@book{lamport1986document,
    title={Document Preparation System},
    author={Lamport, Leslie},
    year={1986},
    publisher={Addison-Wesley Reading, MA}
}
@article{chen2005zhulu,
    title={著录文后参考文献的规则及注意事项},
    author={陈浩元},
    key={Chen Hao Yuan},
    journal={编辑学报},
    volume={17},
    number={6},
    pages={413--415},
    year={2005}
}
@book{chu2004tushu,
    title={图书馆数字参考咨询服务研究},
    author={初景利},
    key={Chu Jing Li},
    year={2004},
    address={北京},
    publisher={北京图书馆出版社}
}
@article{stamerjohanns2009mathml,
    title={{MathML}-aware article conversion from {LaTeX}},
    author={Stamerjohanns, Heinrich and Ginev, Deyan and David, Catalin and Misev, Dimitar and Zamdzhiev, Vladimir and Kohlhase, Michael},
    journal={Towards a Digital Mathematics Library},
    volume={16},
    number={2},
    pages={109--120},
    year={2009},
    publisher={Masaryk University Press}
}
@article{betts2005aging,
    title={Aging reduces center-surround antagonism in visual motion processing},
    author={Betts, Lisa R and Taylor, Christopher P},
    journal={Neuron},
    volume={45},
    number={3},
    pages={361--366},
    year={2005},
    publisher={Elsevier}
}
@article{bravo1990comparative,
    title={Comparative study of visual inter and intrahemispheric cortico-cortical connections in five native Chilean rodents},
    author={Bravo, Hermes and Olavarria, Jaime},
    journal={Anatomy and embryology},
    volume={181},
    number={1},
    pages={67--73},
    year={1990},
    publisher={Springer}
}
@book{hls2012jinji,
    author       = {哈里森·沃尔德伦},
    key          = {Haliseng Woerdelun},
    translator   = {谢远涛},
    title        = {经济数学与金融数学},
    address      = {北京},
    publisher    = {中国人民大学出版社},
    year         = {2012},
    pages        = {235--236},
}
@proceedings{niu2013zonghe,
    editor       = {牛志明 and 斯温兰德 and 雷光春},
    key          = {Niu Zhi Ming Siwenlande Lei Guang Chun},
    title        = {综合湿地管理国际研讨会论文集},
    address      = {北京},
    publisher    = {海洋出版社},
    year         = {2013},
}
@incollection{chen1980zhongguo,
    author       = {陈晋镳 and 张惠民 and 朱士兴 and 赵震 and
        王振刚},
    key          = {Chen Jing Ao Zhang Hui Ming Zhu Shi Xing Zhao Zhen Wang Zhen Gang},
    title        = {蓟县震旦亚界研究},
    editor       = {中国地质科学院天津地质矿产研究所},
    booktitle    = {中国震旦亚界},
    address      = {天津},
    publisher    = {天津科学技术出版社},
    year         = {1980},
    pages        = {56--114},
}
@article{yuan2012lana,
    author       = {袁训来 and 陈哲 and 肖书海},
    key          = {Yuan xun lai Chen zhe Xiao shu Hai},
    title        = {蓝田生物群: 一个认识多细胞生物起源和早期演化的新窗口 -- 篇一},
    journal      = {科学通报},
    year         = {2012},
    volume       = {57},
    number       = {34},
    pages        = {3219},
}
@article{yuan2012lanb,
    author       = {袁训来 and 陈哲 and 肖书海},
    key          = {Yuan xun lai Chen zhe Xiao shu Hai},
    title        = {蓝田生物群: 一个认识多细胞生物起源和早期演化的新窗口 -- 篇二},
    journal      = {科学通报},
    year         = {2012},
    volume       = {57},
    number       = {34},
    pages        = {3219},
}
@article{yuan2012lanc,
    author       = {袁训来 and 陈哲 and 肖书海},
    key          = {Yuan xun lai Chen zhe Xiao shu Hai},
    title        = {蓝田生物群: 一个认识多细胞生物起源和早期演化的新窗口 -- 篇三},
    journal      = {科学通报},
    year         = {2012},
    volume       = {57},
    number       = {34},
    pages        = {3219},
}
@article{walls2013drought,
    author       = {Walls, Susan C. and Barichivich, William J. and Brown, Mary
        E.},
    title        = {Drought, deluge and declines: the impact of precipitation
        extremes on amphibians in a changing climate},
    journal      = {Biology},
    year         = {2013},
    volume       = {2},
    number       = {1},
    pages        = {399--418},
    urldate      = {2013-11-04},
    url          = {http://www.mdpi.com/2079-7737/2/1/399},
    doi          = {10.3390/biology2010399},
}
@article{Bohan1928,
    author = { ボハン, デ},
    title = { 過去及び現在に於ける英国と会 },
    journal = { 日本時報 },
    year = { 1928 },
    volume = { 17 },
    pages = { 5-9 },
    edition = { 9 },
    hyphenation = { japanese },
    language = { japanese }
}
@article{Dubrovin1906,
    author = { Дубровин, А. И },
    title = { Открытое письмо Председателя Главного Совета Союза Русского Народа Санкт-Петербургскому Антонию, Первенствующему члену Священного Синода },
    journal = { Вече },
    year = { 1906 },
    volume = {  },
    edition = { 97 },
    month = { 7 дек. 1906 },
    pages = { 1-3 },
    hyphenation = { russian },
    language = { russian }
}
%---------------------------------------------------------------------------%


@article{TextMining,
  author       = {B. Shravankumar and
                  Vadlamani Ravi},
  title        = {A survey of the applications of text mining in financial domain},
  journal      = {Knowl. Based Syst.},
  volume       = {114},
  pages        = {128--147},
  year         = {2016},
}

@inproceedings{PredictDisease,
  author       = {Ziyang Song and
                  Yuanyi Hu and
                  Aman Verma and
                  David L. Buckeridge and
                  Yue Li},
  title        = {Automatic Phenotyping by a Seed-guided Topic Model},
  booktitle    = {The 28th {ACM} {SIGKDD} Conference on Knowledge Discovery
                  and Data Mining},
  pages        = {4713--4723},
  year         = {2022},
}

@article{DisruptiveEventDetection,
  author       = {Nasser Alsaedi and
                  Pete Burnap and
                  Omer F. Rana},
  title        = {Can We Predict a Riot? Disruptive Event Detection Using Twitter},
  journal      = {{ACM} Trans. Internet Techn.},
  volume       = {17},
  number       = {2},
  pages        = {18:1--18:26},
  year         = {2017},
}

@inproceedings{NMF,
  author       = {Xueqi Cheng and
                  Jiafeng Guo and
                  Shenghua Liu and
                  Yanfeng Wang and
                  Xiaohui Yan},
  title        = {Learning Topics in Short Texts by Non-negative Matrix Factorization
                  on Term Correlation Matrix},
  booktitle    = {Proceedings of the 13th {SIAM} International Conference on Data Mining},
  pages        = {749--757},
  year         = {2013}
}

@article{LDA,
  author       = {David M. Blei and
                  Andrew Y. Ng and
                  Michael I. Jordan},
  title        = {Latent Dirichlet Allocation},
  journal      = {J. Mach. Learn. Res.},
  volume       = {3},
  pages        = {993--1022},
  year         = {2003}
}

@inproceedings{StrongAbility,
  author       = {Jennifer Sleeman and
                  Milton Halem and
                  Tim Finin and
                  Mark Cane},
  title        = {Modeling the Evolution of Climate Change Assessment Research Using
                  Dynamic Topic Models and Cross-Domain Divergence Maps},
  booktitle    = {2017 {AAAI} Spring Symposia},
  publisher    = {{AAAI} Press},
  year         = {2017},
}

% @unknown{unknown,
% author = {Ryan, Rebecca and Davis-Kean, Pamela and Bode, Leticia and Krüger, Juliane and Mneimneh, Zeina},
% year = {2021},
% month = {05},
% pages = {},
% title = {Parenting Online: Analyzing Information Provided by Parenting-Focused Twitter Accounts},
% doi = {10.31234/osf.io/n3teh}
% }

@phdthesis {ZJHNY,
author = {牛悦},
title = {自聚合短文本的主题模型优化问题研究},
school = {中国科学技术大学},
year = {2022}
}

@inproceedings{NTMsurvey,
  author       = {He Zhao and
                  Dinh Q. Phung and
                  Viet Huynh and
                  Yuan Jin and
                  Lan Du and
                  Wray L. Buntine},
  title        = {Topic Modelling Meets Deep Neural Networks: {A} Survey},
  booktitle    = {Proceedings of the Thirtieth International Joint Conference on Artificial
                  Intelligence, {IJCAI}},
  pages        = {4713--4720},
  year         = {2021},
}

@article{Evolution,
  author       = {Rob Churchill and
                  Lisa Singh},
  title        = {The Evolution of Topic Modeling},
  journal      = {{ACM} Comput. Surv.},
  volume       = {54},
  number       = {10s},
  pages        = {215:1--215:35},
  year         = {2022},
}

@article{STTM,
  author       = {Jipeng Qiang and
                  Zhenyu Qian and
                  Yun Li and
                  Yunhao Yuan and
                  Xindong Wu},
  title        = {Short Text Topic Modeling Techniques, Applications, and Performance:
                  {A} Survey},
  journal      = {{IEEE} Trans. Knowl. Data Eng.},
  volume       = {34},
  number       = {3},
  pages        = {1427--1445},
  year         = {2022},
}

@phdthesis {XSJMXQQ,
author = { 谢倩倩 },
title = {面向短文本的稀疏主题建模方法研究},
school = {武汉大学},
year = {2020}
}

@article{DMM,
  author       = {Kamal Nigam and
                  Andrew McCallum and
                  Sebastian Thrun and
                  Tom M. Mitchell},
  title        = {Text Classification from Labeled and Unlabeled Documents using {EM}},
  journal      = {Mach. Learn.},
  volume       = {39},
  number       = {2/3},
  pages        = {103--134},
  year         = {2000},
}

@inproceedings{GSDMM,
  author       = {Jianhua Yin and
                  Jianyong Wang},
  title        = {A dirichlet multinomial mixture model-based approach for short text
                  clustering},
  booktitle    = {The 20th {ACM} {SIGKDD} International Conference on Knowledge Discovery
                  and Data Mining, {KDD} '14, New York, NY, {USA} - August 24 - 27,
                  2014},
  pages        = {233--242},
  year         = {2014},
}

@article{PDMM,
  author       = {Chenliang Li and
                  Yu Duan and
                  Haoran Wang and
                  Zhiqian Zhang and
                  Aixin Sun and
                  Zongyang Ma},
  title        = {Enhancing Topic Modeling for Short Texts with Auxiliary Word Embeddings},
  journal      = {{ACM} Trans. Inf. Syst.},
  volume       = {36},
  number       = {2},
  pages        = {11:1--11:30},
  year         = {2017},
}

@inproceedings{GPUDMM,
  author       = {Chenliang Li and
                  Haoran Wang and
                  Zhiqian Zhang and
                  Aixin Sun and
                  Zongyang Ma},
  title        = {Topic Modeling for Short Texts with Auxiliary Word Embeddings},
  booktitle    = {Proceedings of the 39th International {ACM} {SIGIR} conference on
                  Research and Development in Information Retrieval, {SIGIR} 2016, Pisa,
                  Italy, July 17-21, 2016},
  pages        = {165--174},
  year         = {2016},
}

@article{GPM,
  author       = {Jocelyn Mazarura and
                  Alta de Waal and
                  Johan Pieter de Villiers},
  title        = {A Gamma-Poisson Mixture Topic Model for Short Text},
  journal      = {CoRR},
  volume       = {abs/2004.11464},
  year         = {2020},
  url          = {https://arxiv.org/abs/2004.11464},
  eprinttype    = {arXiv},
}

@article{LFDMM,
  author       = {Dat Quoc Nguyen and
                  Richard Billingsley and
                  Lan Du and
                  Mark Johnson},
  title        = {Improving Topic Models with Latent Feature Word Representations},
  journal      = {Trans. Assoc. Comput. Linguistics},
  volume       = {3},
  pages        = {299--313},
  year         = {2015},
}

@inproceedings{LAPDMM,
  author       = {Ximing Li and
                  Jiaojiao Zhang and
                  Jihong Ouyang},
  title        = {Dirichlet Multinomial Mixture with Variational Manifold Regularization:
                  Topic Modeling over Short Texts},
  booktitle    = {The Thirty-Third {AAAI} Conference on Artificial Intelligence, {AAAI}
                  2019, The Thirty-First Innovative Applications of Artificial Intelligence
                  Conference, {IAAI} 2019, The Ninth {AAAI} Symposium on Educational
                  Advances in Artificial Intelligence, {EAAI} 2019, Honolulu, Hawaii,
                  USA, January 27 - February 1, 2019},
  pages        = {7884--7891},
  year         = {2019},
}

@inproceedings{MKEDMM,
  author       = {Jueying He and
                  Jiayao Chen and
                  Mark Junjie Li},
  title        = {Multi-knowledge Embeddings Enhanced Topic Modeling for Short Texts},
  booktitle    = {Neural Information Processing - 29th International Conference, {ICONIP}
                  2022},
  series       = {Lecture Notes in Computer Science},
  volume       = {13625},
  pages        = {521--532},
  year         = {2022},
}

@inproceedings{DualSparse,
  author       = {Tianyi Lin and
                  Wentao Tian and
                  Qiaozhu Mei and
                  Hong Cheng},
  title        = {The dual-sparse topic model: mining focused topics and focused terms
                  in short text},
  booktitle    = {23rd International World Wide Web Conference, {WWW}},
  pages        = {539--550},
  year         = {2014},
}

@inproceedings{SpikeSlab,
  author       = {Chong Wang and
                  David M. Blei},
  title        = {Decoupling Sparsity and Smoothness in the Discrete Hierarchical Dirichlet
                  Process},
  booktitle    = {Advances in Neural Information Processing Systems 22: 23rd Annual
                  Conference on Neural Information Processing Systems 2009.},
  pages        = {1982--1989},
  year         = {2009},
}
@inproceedings{STC,
  author       = {Jun Zhu and
                  Eric P. Xing},
  title        = {Sparse Topical Coding},
  booktitle    = {{UAI} 2011, Proceedings of the Twenty-Seventh Conference on Uncertainty
                  in Artificial Intelligence,},
  pages        = {831--838},
  year         = {2011},
}

@inproceedings{NSTC,
  author       = {Min Peng and
                  Qianqian Xie and
                  Hua Wang and
                  Yanchun Zhang and
                  Xiuzhen Zhang and
                  Jimin Huang and
                  Gang Tian},
  title        = {Neural Sparse Topical Coding},
  booktitle    = {Proceedings of the 56th Annual Meeting of the Association for Computational
                  Linguistics, {ACL} 2018, Melbourne, Australia, July 15-20, 2018, Volume
                  1: Long Papers},
  pages        = {2332--2340},
  year         = {2018},
}

@inproceedings{SparseMax,
  author       = {Tianyi Lin and
                  Zhiyue Hu and
                  Xin Guo},
  title        = {Sparsemax and Relaxed Wasserstein for Topic Sparsity},
  booktitle    = {Proceedings of the Twelfth {ACM} International Conference on Web Search
                  and Data Mining, {WSDM}},
  pages        = {141--149},
  year         = {2019},
}

@inproceedings{NVDM,
  author       = {Yishu Miao and
                  Lei Yu and
                  Phil Blunsom},
  title        = {Neural Variational Inference for Text Processing},
  booktitle    = {Proceedings of the 33nd International Conference on Machine Learning,
                  {ICML}},
  series       = {{JMLR} Workshop and Conference Proceedings},
  volume       = {48},
  pages        = {1727--1736},
  year         = {2016},
}

@inproceedings{VAE,
  author       = {Diederik P. Kingma and
                  Max Welling},
  title        = {Auto-Encoding Variational Bayes},
  booktitle    = {2nd International Conference on Learning Representations, {ICLR}},
  year         = {2014}
}

@article{CRNTM,
  author       = {Jiachun Feng and
                  Zusheng Zhang and
                  Cheng Ding and
                  Yanghui Rao and
                  Haoran Xie and
                  Fu Lee Wang},
  title        = {Context reinforced neural topic modeling over short texts},
  journal      = {Inf. Sci.},
  volume       = {607},
  pages        = {79--91},
  year         = {2022},
}

@article{DVAE,
  author       = {Sophie Burkhardt and
                  Stefan Kramer},
  title        = {Decoupling Sparsity and Smoothness in the Dirichlet Variational Autoencoder
                  Topic Model},
  journal      = {J. Mach. Learn. Res.},
  volume       = {20},
  pages        = {131:1--131:27},
  year         = {2019},
}

@inproceedings{NQTM,
  author       = {Xiaobao Wu and
                  Chunping Li and
                  Yan Zhu and
                  Yishu Miao},
  title        = {Short Text Topic Modeling with Topic Distribution Quantization and
                  Negative Sampling Decoder},
  booktitle    = {Proceedings of the 2020 Conference on Empirical Methods in Natural
                  Language Processing, {EMNLP}},
  pages        = {1772--1782},
  year         = {2020},
}

@inproceedings{VQVAE,
  author       = {A{\"{a}}ron van den Oord and
                  Oriol Vinyals and
                  Koray Kavukcuoglu},
  title        = {Neural Discrete Representation Learning},
  booktitle    = {Advances in Neural Information Processing Systems 30: Annual Conference
                  on Neural Information Processing Systems},
  pages        = {6306--6315},
  year         = {2017},
}

@inproceedings{TSCTM,
  title={Mitigating Data Sparsity for Short Text Topic Modeling by Topic-Semantic Contrastive Learning},
  author={Wu, Xiaobao and Luu, Anh Tuan and Dong, Xinshuai},
  booktitle={Proceedings of the 2022 Conference on Empirical Methods in Natural Language Processing},
  pages={2748--2760},
  year={2022}
}

@inproceedings{BTM,
  title={A biterm topic model for short texts},
  author={Yan, Xiaohui and Guo, Jiafeng and Lan, Yanyan and Cheng, Xueqi},
  booktitle={Proceedings of the 22nd international conference on World Wide Web},
  pages={1445--1456},
  year={2013}
}

@article{WNTM,
  author       = {Yuan Zuo and
                  Jichang Zhao and
                  Ke Xu},
  title        = {Word network topic model: a simple but general solution for short
                  and imbalanced texts},
  journal      = {Knowl. Inf. Syst.},
  volume       = {48},
  number       = {2},
  pages        = {379--398},
  year         = {2016},
}

@inproceedings{LS-BTM,
  title={Semantic augmented topic model over short text},
  author={Li, Lingyun and Sun, Yawei and Wang, Cong},
  booktitle={2018 5th IEEE International Conference on Cloud Computing and Intelligence Systems (CCIS)},
  pages={652--656},
  year={2018},
  organization={IEEE}
}

@article{R-BTM,
  title={Relational biterm topic model: Short-text topic modeling using word embeddings},
  author={Li, Ximing and Zhang, Ang and Li, Changchun and Guo, Lantian and Wang, Wenting and Ouyang, Jihong},
  journal={The Computer Journal},
  volume={62},
  number={3},
  pages={359--372},
  year={2019},
  publisher={Oxford University Press}
}

@article{NBTMWE,
  title={Improving biterm topic model with word embeddings},
  author={Huang, Jiajia and Peng, Min and Li, Pengwei and Hu, Zhiwei and Xu, Chao},
  journal={World Wide Web},
  volume={23},
  number={6},
  pages={3099--3124},
  year={2020},
  publisher={Springer}
}

@article{UGTM,
  title={User graph topic model},
  author={Akhtar, Nadeem and Beg, MM},
  journal={Journal of Intelligent \& Fuzzy Systems},
  volume={36},
  number={3},
  pages={2229--2240},
  year={2019},
  publisher={IOS Press}
}

@article{GLTM,
  title={GLTM: a global and local word embedding-based topic model for short texts},
  author={Liang, Wenxin and Feng, Ran and Liu, Xinyue and Li, Yuangang and Zhang, Xianchao},
  journal={IEEE access},
  volume={6},
  pages={43612--43621},
  year={2018},
  publisher={IEEE}
}

@article{CSTM,
  title={Filtering out the noise in short text topic modeling},
  author={Li, Ximing and Wang, Yue and Zhang, Ang and Li, Changchun and Chi, Jinjin and Ouyang, Jihong},
  journal={Information Sciences},
  volume={456},
  pages={83--96},
  year={2018},
  publisher={Elsevier}
}

@article{AOTM,
  title={Author topic model for co-occurring normal documents and short texts to explore individual user preferences},
  author={Yang, Yang and Wang, Feifei},
  journal={Information Sciences},
  volume={570},
  pages={185--199},
  year={2021},
  publisher={Elsevier}
}

@inproceedings{SATM,
  author       = {Xiaojun Quan and
                  Chunyu Kit and
                  Yong Ge and
                  Sinno Jialin Pan},
  editor       = {Qiang Yang and
                  Michael J. Wooldridge},
  title        = {Short and Sparse Text Topic Modeling via Self-Aggregation},
  booktitle    = {Proceedings of the Twenty-Fourth International Joint Conference on
                  Artificial Intelligence, {IJCAI}},
  pages        = {2270--2276},
  year         = {2015},
}

@inproceedings{PTM,
  author       = {Yuan Zuo and
                  Junjie Wu and
                  Hui Zhang and
                  Hao Lin and
                  Fei Wang and
                  Ke Xu and
                  Hui Xiong},
  title        = {Topic Modeling of Short Texts: {A} Pseudo-Document View},
  booktitle    = {Proceedings of the 22nd {ACM} {SIGKDD} International Conference on
                  Knowledge Discovery and Data Mining},
  pages        = {2105--2114},
  publisher    = {{ACM}},
  year         = {2016},
}

@inproceedings{SPTM,
  title={Short text topic modeling with flexible word patterns},
  author={Wu, Xiaobao and Li, Chunping},
  booktitle={2019 International Joint Conference on Neural Networks (IJCNN)},
  pages={1--7},
  year={2019},
  organization={IEEE}
}

@article{PYSTM,
  author       = {Yue Niu and
                  Hongjie Zhang and
                  Jing Li},
  title        = {A Pitman-Yor Process Self-Aggregated Topic Model for Short Texts of
                  Social Media},
  journal      = {{IEEE} Access},
  volume       = {9},
  pages        = {129011--129021},
  year         = {2021}
}

@article{SenU-PTM,
  title={SenU-PTM: a novel phrase-based topic model for short-text topic discovery by exploiting word embeddings},
  author={Lu, Heng-Yang and Zhang, Yi and Du, Yuntao},
  journal={Data Technologies and Applications},
  volume={55},
  number={5},
  pages={643--660},
  year={2021},
}

@inproceedings{ExTwitter,
  author       = {Liangjie Hong and
                  Brian D. Davison},
  title        = {Empirical study of topic modeling in Twitter},
  booktitle    = {Proceedings of the First Workshop on Social Media Analytics, SOMA@KDD},
  pages        = {80--88},
  year         = {2010},
}

@inproceedings{DualLDA,
  author       = {Ou Jin and
                  Nathan Nan Liu and
                  Kai Zhao and
                  Yong Yu and
                  Qiang Yang},
  editor       = {Craig Macdonald and
                  Iadh Ounis and
                  Ian Ruthven},
  title        = {Transferring topical knowledge from auxiliary long texts for short
                  text clustering},
  booktitle    = {Proceedings of the 20th {ACM} Conference on Information and Knowledge
                  Management, {CIKM}},
  pages        = {775--784},
  publisher    = {{ACM}},
  year         = {2011},
}

@inproceedings{PoolTwitter,
  author       = {Rishabh Mehrotra and
                  Scott Sanner and
                  Wray L. Buntine and
                  Lexing Xie},
  title        = {Improving {LDA} topic models for microblogs via tweet pooling and
                  automatic labeling},
  booktitle    = {The 36th International {ACM} {SIGIR} conference on research and development
                  in Information Retrieval, {SIGIR}},
  pages        = {889--892},
  year         = {2013},
}

@article{DREx,
  author       = {Paulo Viana Bicalho and
                  Marcelo Pita and
                  Gabriel Pedrosa and
                  An{\'{\i}}sio Lacerda and
                  Gisele L. Pappa},
  title        = {A general framework to expand short text for topic modeling},
  journal      = {Inf. Sci.},
  volume       = {393},
  pages        = {66--81},
  year         = {2017},
}

@inproceedings{APUDMM,
  title={Topic Modeling for Short Texts via Adaptive P{\'{o}}lya Urn Dirichlet Multinomial Mixture},
  author={Li, Mark Junjie and Wang, Rui and Li, Jun and Bao, Xianyu and He, Jueying and Chen, Jiayao and He, Lijuan},
  booktitle={International Conference on Neural Information Processing},
  pages={364--376},
  year={2023},
  organization={Springer}
}

@inproceedings{SeaNMF,
  author       = {Tian Shi and
                  Kyeongpil Kang and
                  Jaegul Choo and
                  Chandan K. Reddy},
  editor       = {Pierre{-}Antoine Champin and
                  Fabien Gandon and
                  Mounia Lalmas and
                  Panagiotis G. Ipeirotis},
  title        = {Short-Text Topic Modeling via Non-negative Matrix Factorization Enriched
                  with Local Word-Context Correlations},
  booktitle    = {Proceedings of the 2018 World Wide Web Conference on World Wide Web,
                  {WWW}},
  pages        = {1105--1114},
  publisher    = {{ACM}},
  year         = {2018},
}

@article{RLSeaNMF,
  title={Topic modeling in short-text using non-negative matrix factorization based on deep reinforcement learning},
  author={Shahbazi, Zeinab and Byun, Yung-Cheol},
  journal={Journal of Intelligent \& Fuzzy Systems},
  volume={39},
  number={1},
  pages={753--770},
  year={2020},
  publisher={IOS Press}
}

@article{AOTM,
  title={Author topic model for co-occurring normal documents and short texts to explore individual user preferences},
  author={Yang, Yang and Wang, Feifei},
  journal={Information Sciences},
  volume={570},
  pages={185--199},
  year={2021},
  publisher={Elsevier}
}

@article{COTM,
  author       = {Yang Yang and
                  Feifei Wang and
                  Junni Zhang and
                  Jin Xu and
                  Philip S. Yu},
  title        = {A topic model for co-occurring normal documents and short texts},
  journal      = {World Wide Web},
  volume       = {21},
  number       = {2},
  pages        = {487--513},
  year         = {2018},
}

@inproceedings{ASTM,
  title={Astm: An attentional segmentation based topic model for short texts},
  author={Wang, Jiamiao and Chen, Ling and Qin, Lu and Wu, Xindong},
  booktitle={2018 IEEE International Conference on Data Mining (ICDM)},
  pages={577--586},
  year={2018},
  organization={IEEE}
}

@article{AATM,
  title={Attention-based autoencoder topic model for short texts},
  author={Tian, Tian and Fang, Zheng Felix},
  journal={Procedia Computer Science},
  volume={151},
  pages={1134--1139},
  year={2019},
  publisher={Elsevier}
}

@article{llama2,
  author       = {Hugo Touvron and
                  Louis Martin and
                  Kevin Stone and
                  Peter Albert and
                  Amjad Almahairi and
                  Yasmine Babaei and
                  Nikolay Bashlykov and
                  Soumya Batra and
                  Prajjwal Bhargava and
                  Shruti Bhosale and
                  Dan Bikel and
                  Lukas Blecher and
                  Cristian Canton{-}Ferrer and
                  Moya Chen and
                  Guillem Cucurull and
                  David Esiobu and
                  Jude Fernandes and
                  Jeremy Fu and
                  Wenyin Fu and
                  Brian Fuller and
                  Cynthia Gao and
                  Vedanuj Goswami and
                  Naman Goyal and
                  Anthony Hartshorn and
                  Saghar Hosseini and
                  Rui Hou and
                  Hakan Inan and
                  Marcin Kardas and
                  Viktor Kerkez and
                  Madian Khabsa and
                  Isabel Kloumann and
                  Artem Korenev and
                  Punit Singh Koura and
                  Marie{-}Anne Lachaux and
                  Thibaut Lavril and
                  Jenya Lee and
                  Diana Liskovich and
                  Yinghai Lu and
                  Yuning Mao and
                  Xavier Martinet and
                  Todor Mihaylov and
                  Pushkar Mishra and
                  Igor Molybog and
                  Yixin Nie and
                  Andrew Poulton and
                  Jeremy Reizenstein and
                  Rashi Rungta and
                  Kalyan Saladi and
                  Alan Schelten and
                  Ruan Silva and
                  Eric Michael Smith and
                  Ranjan Subramanian and
                  Xiaoqing Ellen Tan and
                  Binh Tang and
                  Ross Taylor and
                  Adina Williams and
                  Jian Xiang Kuan and
                  Puxin Xu and
                  Zheng Yan and
                  Iliyan Zarov and
                  Yuchen Zhang and
                  Angela Fan and
                  Melanie Kambadur and
                  Sharan Narang and
                  Aur{\'{e}}lien Rodriguez and
                  Robert Stojnic and
                  Sergey Edunov and
                  Thomas Scialom},
  title        = {Llama 2: Open Foundation and Fine-Tuned Chat Models},
  journal      = {CoRR},
  volume       = {abs/2307.09288},
  year         = {2023},
}

@misc{glm,
  author       = {Josh A. Goldstein and
                  Girish Sastry and
                  Micah Musser and
                  Renee DiResta and
                  Matthew Gentzel and
                  Katerina Sedova},
  title        = {Generative Language Models and Automated Influence Operations: Emerging
                  Threats and Potential Mitigations},
  year         = {2023},
  archivePrefix= {arXiv},
  eprint       = {2301.04246},
}

@article{survey_2022,
  author       = {Rob Churchill and
                  Lisa Singh},
  title        = {The Evolution of Topic Modeling},
  journal      = {{ACM} Comput. Surv.},
  volume       = {54},
  number       = {10s},
  pages        = {215:1--215:35},
  year         = {2022},
}

@article{survey_2023,
  author       = {Aly Abdelrazek and
                  Yomna Eid and
                  Eman Gawish and
                  Walaa Medhat and
                  Ahmed Hassan Yousef},
  title        = {Topic modeling algorithms and applications: {A} survey},
  journal      = {Inf. Syst.},
  volume       = {112},
  pages        = {102131},
  year         = {2023},
}

@inproceedings{few_documents,
  author       = {Jian Tang and
                  Zhaoshi Meng and
                  XuanLong Nguyen and
                  Qiaozhu Mei and
                  Ming Zhang},
  title        = {Understanding the Limiting Factors of Topic Modeling via Posterior
                  Contraction Analysis},
  booktitle    = {Proceedings of the 31th International Conference on Machine Learning,
                  {ICML}},
  volume       = {32},
  pages        = {190--198},
  year         = {2014},
}

@article{Gibbs,
	title={Finding scientific topics},
	author={Griffiths, Thomas L and Steyvers, Mark},
	journal={Proceedings of the National academy of Sciences},
	volume={101},
	number={suppl\_1},
	pages={5228--5235},
	year={2004},
}

@article{SearchSnippets,
  author       = {Jiaming Xu and
                  Bo Xu and
                  Peng Wang and
                  Suncong Zheng and
                  Guanhua Tian and
                  Jun Zhao},
  title        = {Self-Taught convolutional neural networks for short text clustering},
  journal      = {Neural Networks},
  volume       = {88},
  pages        = {22--31},
  year         = {2017},
}

@inproceedings{GPT3,
  author       = {Tom B. Brown and
                  Benjamin Mann and
                  Nick Ryder and
                  Melanie Subbiah and
                  Jared Kaplan and
                  Prafulla Dhariwal and
                  Arvind Neelakantan and
                  Pranav Shyam and
                  Girish Sastry and
                  Amanda Askell and
                  Sandhini Agarwal and
                  Ariel Herbert{-}Voss and
                  Gretchen Krueger and
                  Tom Henighan and
                  Rewon Child and
                  Aditya Ramesh and
                  Daniel M. Ziegler and
                  Jeffrey Wu and
                  Clemens Winter and
                  Christopher Hesse and
                  Mark Chen and
                  Eric Sigler and
                  Mateusz Litwin and
                  Scott Gray and
                  Benjamin Chess and
                  Jack Clark and
                  Christopher Berner and
                  Sam McCandlish and
                  Alec Radford and
                  Ilya Sutskever and
                  Dario Amodei},
  title        = {Language Models are Few-Shot Learners},
  booktitle    = {Advances in Neural Information Processing Systems 33: Annual Conference
                  on Neural Information Processing Systems 2020, NeurIPS 2020, December
                  6-12, 2020, virtual},
  year         = {2020},
}

@inproceedings{lora,
  author       = {Edward J. Hu and
                  Yelong Shen and
                  Phillip Wallis and
                  Zeyuan Allen{-}Zhu and
                  Yuanzhi Li and
                  Shean Wang and
                  Lu Wang and
                  Weizhu Chen},
  title        = {LoRA: Low-Rank Adaptation of Large Language Models},
  booktitle    = {The Tenth International Conference on Learning Representations, {ICLR}
                  2022, Virtual Event, April 25-29, 2022},
  year         = {2022},
}
@misc{llama,
  author       = {Hugo Touvron and
                  Thibaut Lavril and
                  Gautier Izacard and
                  Xavier Martinet and
                  Marie{-}Anne Lachaux and
                  Timoth{\'{e}}e Lacroix and
                  Baptiste Rozi{\`{e}}re and
                  Naman Goyal and
                  Eric Hambro and
                  Faisal Azhar and
                  Aur{\'{e}}lien Rodriguez and
                  Armand Joulin and
                  Edouard Grave and
                  Guillaume Lample},
  title        = {LLaMA: Open and Efficient Foundation Language Models},
  year         = {2023},
  archivePrefix= {arXiv},
  eprint       = {2302.13971},
}

@article{llama2,
  author       = {Hugo Touvron and
                  Louis Martin and
                  Kevin Stone and
                  Peter Albert and
                  Amjad Almahairi and
                  Yasmine Babaei and
                  Nikolay Bashlykov and
                  Soumya Batra and
                  Prajjwal Bhargava and
                  Shruti Bhosale and
                  Dan Bikel and
                  Lukas Blecher and
                  Cristian Canton{-}Ferrer and
                  Moya Chen and
                  Guillem Cucurull and
                  David Esiobu and
                  Jude Fernandes and
                  Jeremy Fu and
                  Wenyin Fu and
                  Brian Fuller and
                  Cynthia Gao and
                  Vedanuj Goswami and
                  Naman Goyal and
                  Anthony Hartshorn and
                  Saghar Hosseini and
                  Rui Hou and
                  Hakan Inan and
                  Marcin Kardas and
                  Viktor Kerkez and
                  Madian Khabsa and
                  Isabel Kloumann and
                  Artem Korenev and
                  Punit Singh Koura and
                  Marie{-}Anne Lachaux and
                  Thibaut Lavril and
                  Jenya Lee and
                  Diana Liskovich and
                  Yinghai Lu and
                  Yuning Mao and
                  Xavier Martinet and
                  Todor Mihaylov and
                  Pushkar Mishra and
                  Igor Molybog and
                  Yixin Nie and
                  Andrew Poulton and
                  Jeremy Reizenstein and
                  Rashi Rungta and
                  Kalyan Saladi and
                  Alan Schelten and
                  Ruan Silva and
                  Eric Michael Smith and
                  Ranjan Subramanian and
                  Xiaoqing Ellen Tan and
                  Binh Tang and
                  Ross Taylor and
                  Adina Williams and
                  Jian Xiang Kuan and
                  Puxin Xu and
                  Zheng Yan and
                  Iliyan Zarov and
                  Yuchen Zhang and
                  Angela Fan and
                  Melanie Kambadur and
                  Sharan Narang and
                  Aur{\'{e}}lien Rodriguez and
                  Robert Stojnic and
                  Sergey Edunov and
                  Thomas Scialom},
  title        = {Llama 2: Open Foundation and Fine-Tuned Chat Models},
  journal      = {CoRR},
  volume       = {abs/2307.09288},
  year         = {2023},
}

@inproceedings{coherence,
  author       = {Jey Han Lau and
                  David Newman and
                  Timothy Baldwin},
  title        = {Machine Reading Tea Leaves: Automatically Evaluating Topic Coherence
                  and Topic Model Quality},
  booktitle    = {Proceedings of the 14th Conference of the European Chapter of the
                  Association for Computational Linguistics, {EACL}},
  pages        = {530--539},
  year         = {2014},
}

@inproceedings{TU,
  author       = {Feng Nan and
                  Ran Ding and
                  Ramesh Nallapati and
                  Bing Xiang},
  editor       = {Anna Korhonen and
                  David R. Traum and
                  Llu{\'{\i}}s M{\`{a}}rquez},
  title        = {Topic Modeling with Wasserstein Autoencoders},
  booktitle    = {Proceedings of the 57th Conference of the Association for Computational
                  Linguistics, {ACL}},
  pages        = {6345--6381},
  publisher    = {Association for Computational Linguistics},
  year         = {2019},
}

@article{overallQuality,
  author       = {Adji Bousso Dieng and
                  Francisco J. R. Ruiz and
                  David M. Blei},
  title        = {Topic Modeling in Embedding Spaces},
  journal      = {Trans. Assoc. Comput. Linguistics},
  volume       = {8},
  pages        = {439--453},
  year         = {2020},
}


@inproceedings{AVITM,
	author    = {Akash Srivastava and
		Charles Sutton},
	title     = {Autoencoding Variational Inference For Topic Models},
	booktitle = {{ICLR}},
	year      = {2017},
	timestamp = {Mon, 12 Oct 2020 10:46:36 +0200},
	biburl    = {https://dblp.org/rec/conf/iclr/SrivastavaS17.bib},
	bibsource = {dblp computer science bibliography, https://dblp.org}
}

@article{Pachinko,
	author    = {Akash Srivastava and
		Charles Sutton},
	title     = {Variational Inference In Pachinko Allocation Machines},
	journal   = {CoRR},
	year      = {2018},
	eprinttype = {arXiv},
	eprint    = {1804.07944},
	timestamp = {Mon, 12 Oct 2020 10:46:35 +0200},
	biburl    = {https://dblp.org/rec/journals/corr/abs-1804-07944.bib},
	bibsource = {dblp computer science bibliography, https://dblp.org}
}

@inproceedings{VSC,
  author       = {Francesco Tonolini and
                  Bj{\o}rn Sand Jensen and
                  Roderick Murray{-}Smith},
  title        = {Variational Sparse Coding},
  booktitle    = {{UAI}},
  series       = {Proceedings of Machine Learning Research},
  volume       = {115},
  pages        = {690--700},
  publisher    = {{AUAI} Press},
  year         = {2019}
}

@inproceedings{VSCT,
  author       = {Kion Fallah and
                  Christopher J. Rozell},
  title        = {Variational Sparse Coding with Learned Thresholding},
  booktitle    = {{ICML}},
  series       = {Proceedings of Machine Learning Research},
  volume       = {162},
  pages        = {6034--6058},
  publisher    = {{PMLR}},
  year         = {2022}
}

@inproceedings{EVO_bi,
  author       = {Jakob Drefs and
                  Enrico Guiraud and
                  Filippos Panagiotou and
                  J{\"{o}}rg L{\"{u}}cke},
  title        = {Direct Evolutionary Optimization of Variational Autoencoders with
                  Binary Latents},
  booktitle    = {{ECML/PKDD} {(3)}},
  series       = {Lecture Notes in Computer Science},
  volume       = {13715},
  pages        = {357--372},
  publisher    = {Springer},
  year         = {2022}
}

@article{spike&slab,
  title={Bayesian variable selection in linear regression},
  author={Mitchell, Toby J and Beauchamp, John J},
  journal={Journal of the american statistical association},
  volume={83},
  number={404},
  pages={1023--1032},
  year={1988},
  publisher={Taylor \& Francis}
}

@inproceedings{TopicRNN,
  author       = {Adji B. Dieng and
                  Chong Wang and
                  Jianfeng Gao and
                  John W. Paisley},
  title        = {TopicRNN: {A} Recurrent Neural Network with Long-Range Semantic Dependency},
  booktitle    = {5th International Conference on Learning Representations, {ICLR} 2017,
                  Toulon, France, April 24-26, 2017, Conference Track Proceedings},
  publisher    = {OpenReview.net},
  year         = {2017},
}

@inproceedings{VRTM,
  author       = {Mehdi Rezaee and
                  Francis Ferraro},
  editor       = {Hugo Larochelle and
                  Marc'Aurelio Ranzato and
                  Raia Hadsell and
                  Maria{-}Florina Balcan and
                  Hsuan{-}Tien Lin},
  title        = {A Discrete Variational Recurrent Topic Model without the Reparametrization
                  Trick},
  booktitle    = {Advances in Neural Information Processing Systems 33: Annual Conference
                  on Neural Information Processing Systems 2020, NeurIPS 2020, December
                  6-12, 2020, virtual},
  year         = {2020},
}

@inproceedings{SGTM,
  author       = {Ziyang Song and
                  Yuanyi Hu and
                  Aman Verma and
                  David L. Buckeridge and
                  Yue Li},
  title        = {Automatic Phenotyping by a Seed-guided Topic Model},
  booktitle    = {{KDD}},
  pages        = {4713--4723},
  publisher    = {{ACM}},
  year         = {2022}
}

@article{VI,
  title={Variational inference: A review for statisticians},
  author={Blei, David M and Kucukelbir, Alp and McAuliffe, Jon D},
  journal={Journal of the American statistical Association},
  volume={112},
  number={518},
  pages={859-877},
  year={2017},
}

@InCollection{MFnegative,   author = 	 {R. E. Turner and M. Sahani},   title = 	 {Two problems with variational expectation                   maximisation for time-series models},   booktitle = 	 {Bayesian Time series models},   pages = 	 {109--130},   publisher = {Cambridge University Press},   year = 	 2011,   editor = 	 {D. Barber and T. Cemgil and S. Chiappa},   chapter = 	 5,   
}

@article{EVO,
  author       = {Jakob Drefs and
                  Enrico Guiraud and
                  J{\"{o}}rg L{\"{u}}cke},
  title        = {Evolutionary Variational Optimization of Generative Models},
  journal      = {J. Mach. Learn. Res.},
  volume       = {23},
  pages        = {21:1--21:51},
  year         = {2022},
}

@inproceedings{gumbel,
	author    = {Eric Jang and
		Shixiang Gu and
		Ben Poole},
	title     = {Categorical Reparameterization with Gumbel-Softmax},
	booktitle = {{ICLR}},
	year      = {2017},
}

@inproceedings{RSVI,
	author    = {Christian A. Naesseth and
		Francisco J. R. Ruiz and
		Scott W. Linderman and
		David M. Blei},
	title     = {Reparameterization Gradients through Acceptance-Rejection Sampling Algorithms},
	booktitle = {{AISTATS}},
	series    = {Proceedings of Machine Learning Research},
	volume    = {54},
	pages     = {489--498},
	year      = {2017},
}

@inproceedings{wiki,
  author    = {Stephen Merity and
               Caiming Xiong and
               James Bradbury and
               Richard Socher},
  title     = {Pointer Sentinel Mixture Models},
  booktitle = {5th International Conference on Learning Representations, {ICLR} 2017,
               Toulon, France, April 24-26, 2017, Conference Track Proceedings},
  year      = {2017},
}

@inproceedings{GSM,
	author    = {Yishu Miao and
		Edward Grefenstette and
		Phil Blunsom},
	title     = {Discovering Discrete Latent Topics with Neural Variational Inference},
	booktitle = {{ICML}},
	volume    = {70},
	pages     = {2410--2419},
	year      = {2017},
}

@inproceedings{SCHOLAR,
  author    = {Dallas Card and
               Chenhao Tan and
               Noah A. Smith},
  title     = {Neural Models for Documents with Metadata},
  booktitle = {Proceedings of the 56th Annual Meeting of the Association for Computational
               Linguistics, {ACL} 2018, Melbourne, Australia, July 15-20, 2018},
  pages     = {2031--2040},
  year      = {2018},
  publisher = {Association for Computational Linguistics},
}

@article{SBVAE,
	author    = {Xuefei Ning and
		Yin Zheng and
		Zhuxi Jiang and
		Yu Wang and
		Huazhong Yang and
		Junzhou Huang and
		Peilin Zhao},
	title     = {Nonparametric Topic Modeling with Neural Inference},
	journal   = {Neurocomputing},
	volume    = {399},
	pages     = {296--306},
	year      = {2020},
}

@inproceedings{iclr/0003G0ZTCZ22,
  author       = {Dongsheng Wang and
                  Dandan Guo and
                  He Zhao and
                  Huangjie Zheng and
                  Korawat Tanwisuth and
                  Bo Chen and
                  Mingyuan Zhou},
  title        = {Representing Mixtures of Word Embeddings with Mixtures of Topic Embeddings},
  booktitle    = {{ICLR}},
  publisher    = {OpenReview.net},
  year         = {2022}
}

@inproceedings{TSSE,
  author       = {Chengcheng Mai and
                  Xueming Qiu and
                  Kaiwen Luo and
                  Min Chen and
                  Bo Zhao and
                  Yihua Huang},
  title        = {{TSSE-DMM:} Topic Modeling for Short Texts Based on Topic Subdivision
                  and Semantic Enhancement},
  booktitle    = {Advances in Knowledge Discovery and Data Mining - 25th Pacific-Asia
                  Conference, {PAKDD}},
  volume       = {12713},
  pages        = {640--651},
  year         = {2021},
}